@article{stallings1984local,
  title={Local networks},
  author={Stallings, William},
  journal={ACM Computing Surveys (CSUR)},
  volume={16},
  number={1},
  pages={3--41},
  year={1984},
  publisher={ACM}
}

@article{gopalakrishnan2014survey,
	title={A survey of wireless network security},
	author={Gopalakrishnan, S},
	journal={International Journal of Computer Science and Mobile Computing},
	volume={3},
	number={1},
	pages={53--68},
	year={2014}
}

@inproceedings{alblwi2017survey,
	title={A Survey on Wireless Security Protocol WPA2},
	author={Alblwi, Samia and Shujaee, Khalil},
	booktitle={Int. Conf. security and management},
	pages={12--17},
	year={2017}
}

@book{kolokithas2015hacking,
	title={Hacking Wireless Networks: The Ultimate Hands-on Guide},
	author={Kolokithas, A.K.},
	isbn={9781508476344},
	url={https://books.google.com.vn/books?id=7apTrgEACAAJ},
	year={2015},
	publisher={CreateSpace Independent Publishing Platform}
}

@misc{wpa(wi-fiprotectedaccess)definition, 
	title={WPA}, url={https://techterms.com/definition/wpa}, 
	journal={WPA (Wi-Fi Protected Access) Definition}
}

@article{daemen1999aes,
	title={AES proposal: Rijndael},
	author={Daemen, Joan and Rijmen, Vincent},
	year={1999}
}

@ARTICLE{4248378, 
	author={}, 
	journal={IEEE Std 802.11-2007 (Revision of IEEE Std 802.11-1999)}, 
	title={IEEE Standard for Information Technology - Telecommunications and Information Exchange Between Systems - Local and Metropolitan Area Networks - Specific Requirements - Part 11: Wireless LAN Medium Access Control (MAC) and Physical Layer (PHY) Specifications}, 
	year={2007}, 
	volume={}, 
	number={}, 
	pages={1-1076}, 
	keywords={2.4 GHz;4.9 GHz;5 GHz;advanced encryption standard;AES;carrier sense multipleaccess/collision avoidance;CCMP;Counter mode with Cipher-block chaining Messageauthentication code Protocol;confidentiality;CSMA/CA;DFS;dynamic frequency selection;international roaming;LAN;local area network;MAC;medium access controller;PHY;physicallayer;QoS;quality of service;radio frequency;RF;temporal key integrity protocol;TKIP;TPC;transmit power control;wireless LAN;WLAN;Wi-Fi;WiFi}, 
	doi={10.1109/IEEESTD.2007.373646}, 
	ISSN={}, 
	month={June},}

@ARTICLE{1318903, 
	author={}, 
	journal={IEEE Std 802.11i-2004}, 
	title={IEEE Standard for information technology-Telecommunications and information exchange between systems-Local and metropolitan area networks-Specific requirements-Part 11: Wireless LAN Medium Access Control (MAC) and Physical Layer (PHY) specifications: Amendment 6: Medium Access Control (MAC) Security Enhancements}, 
	year={2004}, 
	volume={}, 
	number={}, 
	pages={1-190}, 
	keywords={AES;authentication;CCM;CCMP;confidentiality;countermeasures;data authenticity;EAPOL-Key;4-Way Handshake;Group Key Handshake;IEEE 802.1X;key management;key mixing;Michael;RC4;replay protection;robust security network}, 
	doi={10.1109/IEEESTD.2004.94585}, 
	ISSN={}, 
	month={July},
}

@inproceedings{borisov2001intercepting,
	title={Intercepting mobile communications: the insecurity of 802.11},
	author={Borisov, Nikita and Goldberg, Ian and Wagner, David},
	booktitle={Proceedings of the 7th annual international conference on Mobile computing and networking},
	pages={180--189},
	year={2001},
	organization={ACM}
}

@article{schultheis1988designing,
	title={Designing and managing local area networks: a survey of LAN personnel},
	author={Schultheis, Robert A and Klepper, Robert},
	journal={Information \& Management},
	volume={14},
	number={2},
	pages={95--104},
	year={1988},
	publisher={Elsevier}
}

@article{mousa2006evaluation,
	title={Evaluation of the RC4 algorithm for data encryption.},
	author={Mousa, Allam and Hamad, Ahmad},
	journal={IJCSA},
	volume={3},
	number={2},
	pages={44--56},
	year={2006}
}

@article{convery2003cisco,
	title={Cisco SAFE: Wireless LAN security in depth},
	author={Convery, Sean and Miller, Darrin and Sundaralingam, Sri and Doering, Mark and Roshan, Pej and Albert, Stacey and McMURDO, Bruce and Halpern, Jason},
	journal={Cisco Systems},
	year={2003}
}

@inproceedings{al2006ieee,
	title={IEEE 802.11 wireless LAN security overview},
	author={Al Naamany, Ahmed M and Al Shidhani, Ali and Bourdoucen, Hadj},
	booktitle={IJCSNS},
	volume={6},
	number={5B},
	pages={138},
	year={2006}
}

@article{walker2000unsafe,
	title={Unsafe at any key size; an analysis of the WEP encapsulation},
	author={Walker, Jessie and others},
	journal={IEEE document},
	volume={802},
	number={00},
	pages={362},
	year={2000}
}

@inproceedings{fluhrer2001weaknesses,
	title={Weaknesses in the key scheduling algorithm of RC4},
	author={Fluhrer, Scott and Mantin, Itsik and Shamir, Adi},
	booktitle={International Workshop on Selected Areas in Cryptography},
	pages={1--24},
	year={2001},
	organization={Springer}
}

@inproceedings{shunman2003wlan,
	title={WLAN and it's security problems},
	author={Shunman, Wang and Ran, Tao and Yue, Wang and Ji, Zhang},
	booktitle={Parallel and Distributed Computing, Applications and Technologies, 2003. PDCAT'2003. Proceedings of the Fourth International Conference on},
	pages={241--244},
	year={2003},
	organization={IEEE}
}

@misc{fitzpatrick_2016, 
	title={The Difference Between WEP, WPA, and WPA2 Wi-Fi Passwords}, url={https://www.howtogeek.com/167783/htg-explains-the-difference-between-wep-wpa-and-wpa2-wireless-encryption-and-why-it-matters/}, 
	journal={How-To Geek}, 
	publisher={How-To Geek}, 
	author={Fitzpatrick, Jason}, 
	year={2016}, 
	month={Sep}} 


@article{ieee2010ieee,
	title={IEEE Standard for Information Technology--Telecommunications and information exchange between systems--Local and metropolitan area networks--Specific requirements--Part 11: Wireless LAN Medium Access Control (MAC) and Physical Layer (PHY) specifications Amendment 6: Wireless Access in Vehicular Environments},
	author={IEEE 802.11 Working Group and others},
	journal={IEEE Std},
	volume={802},
	number={11},
	year={2010}
}

@article{standard2001announcing,
	title={Announcing the advanced encryption standard (AES)},
	author={Standard, NIST-FIPS},
	journal={Federal Information Processing Standards Publication},
	volume={197},
	pages={1--51},
	year={2001}
}

@article{potter2003wireless,
	title={Wireless security's future},
	author={Potter, Bruce},
	journal={IEEE Security \& Privacy},
	volume={99},
	number={4},
	pages={68--72},
	year={2003},
	publisher={IEEE}
}

@article{doomun2012modified,
	title={Modified Temporal Key Integrity Protocol For Efficient Wireless Network Security},
	author={Doomun, M Razvi and Soyjaudah, KM},
	journal={arXiv preprint arXiv:1208.5571},
	year={2012}
}


@techreport{ieee1999802,
	title={802.11 a-1999—IEEE Standard for Telecommunications and Information Exchange Between Systems—LAN/MAN Specific Requirements—Part 11: Wireless Medium Access Control (MAC) and Physical Layer (PHY) Specifications: High Speed Physical Layer in the 5 GHz Band},
	author={IEEE Standards Association and others},
	year={1999},
	institution={Technical Report}
}



@article{shin2006wireless,
	title={Wireless network security and interworking},
	author={Shin, Minho and Ma, Justin and Mishra, Arunesh and Arbaugh, William A},
	journal={Proceedings of the IEEE},
	volume={94},
	number={2},
	pages={455--466},
	year={2006},
	publisher={IEEE}
}

@book{gast2005802,
	title={802.11 wireless networks: the definitive guide},
	author={Gast, Matthew},
	year={2005},
	publisher={" O'Reilly Media, Inc."}
}

@article{arbaugh2002your,
	title={Your 80211 wireless network has no clothes},
	author={Arbaugh, William A and Shankar, Narendar and Wan, YC Justin and Zhang, Kan},
	journal={IEEE Wireless Communications},
	volume={9},
	number={6},
	pages={44--51},
	year={2002},
	publisher={IEEE}
}
@article{hoffman_2018, title={What Is WPA3, and When Will I Get It On My Wi-Fi?}, url={https://www.howtogeek.com/339765/what-is-wpa3-and-when-will-i-get-it-on-my-wi-fi/}, journal={How-To Geek}, publisher={How-To Geek}, author={Hoffman, Chris}, year={2018}, month={Jun}}

@misc{wiggers_2018, title={Wi-Fi Alliance introduces WPA3 and Wi-Fi Easy Connect}, url={https://venturebeat.com/2018/06/25/wi-fi-alliance-introduces-wpa3-and-wi-fi-easy-connect/}, journal={VentureBeat}, publisher={VentureBeat}, author={Wiggers, Kyle}, year={2018}, month={Jun}}

@misc{kinney_2018, title={What is WPA3?}, url={https://www.rcrwireless.com/20180626/network-infrastructure/wi-fi/what-is-wpa3-tag6-tag99}, journal={RCR Wireless News}, publisher={RCR Wireless News}, author={Kinney, Sean}, year={2018}, month={Jun}}
